<record><leader>00000cas a22000007a 4500</leader><controlfield tag="001">11206277</controlfield><controlfield tag="008">840928d18571861iauwr ne      0    0eng d</controlfield><datafield ind1=" " ind2=" " tag="010"><subfield code="a">sn 84038210 </subfield></datafield><datafield ind1=" " ind2=" " tag="040"><subfield code="a">NPX</subfield><subfield code="b">eng</subfield><subfield code="c">NPX</subfield><subfield code="d">INP</subfield><subfield code="d">OCLCQ</subfield></datafield><datafield ind1=" " ind2=" " tag="042"><subfield code="a">msc</subfield></datafield><datafield ind1="0" ind2="0" tag="245"><subfield code="a">Keokuk weekly journal.</subfield></datafield><datafield ind1=" " ind2=" " tag="260"><subfield code="a">Keokuk, Iowa :</subfield><subfield code="b">Charles Smith</subfield></datafield><datafield ind1=" " ind2=" " tag="300"><subfield code="a">v.</subfield></datafield><datafield ind1=" " ind2=" " tag="310"><subfield code="a">Weekly</subfield></datafield><datafield ind1="1" ind2=" " tag="362"><subfield code="a">Began in Nov. 1857; ceased in Nov. 1861.</subfield><subfield code="z">Cf. Bibl. of Iowa newspapers.</subfield></datafield><datafield ind1=" " ind2=" " tag="588"><subfield code="a">Description based on: Vol. 15, no. 41 (Apr. 3, 1861).</subfield></datafield><datafield ind1=" " ind2=" " tag="752"><subfield code="a">United States</subfield><subfield code="b">Iowa</subfield><subfield code="c">Lee</subfield><subfield code="d">Keokuk.</subfield></datafield><datafield ind1="0" ind2=" " tag="775"><subfield code="t">Daily Keokuk journal</subfield><subfield code="w">(DLC)sn 84038209</subfield></datafield><datafield ind1="0" ind2="0" tag="780"><subfield code="t">Keokuk weekly times</subfield><subfield code="w">(DLC)sn 87057240</subfield></datafield><datafield ind1="0" ind2="0" tag="785"><subfield code="t">Weekly constitution (Keokuk, Iowa)</subfield><subfield code="w">(DLC)sn 84027181</subfield></datafield></record>